<?xml version="1.0" encoding="UTF-8"?><collection xmlns="http://www.loc.gov/MARC21/slim"><record><leader>00504nam--2200169-i-4500</leader><controlfield tag="001">000046595</controlfield><controlfield tag="002">20161230</controlfield><controlfield tag="005">20161230201046</controlfield><controlfield tag="008">060222s1000------------r-----000-0-eng-d</controlfield><datafield ind1=" " ind2=" " tag="040"><subfield code="a">IFIN-HH</subfield></datafield><datafield ind1=" " ind2=" " tag="080"><subfield code="a">015:539.144:546.46</subfield></datafield><datafield ind1="1" ind2=" " tag="100"><subfield code="a">Vitoux,Dominique</subfield></datafield><datafield ind1="1" ind2="0" tag="245"><subfield code="a">Coulomb excitation of the first excited state of 24 mg</subfield><subfield code="b">Dissertation</subfield><subfield code="c">Dominique vitoux</subfield></datafield><datafield ind1=" " ind2=" " tag="260"><subfield code="a">An Arbor Michigan</subfield><subfield code="b">University Microfilms</subfield><subfield code="c">1970</subfield></datafield><datafield ind1=" " ind2=" " tag="300"><subfield code="a">10 P.+ 8 FIG</subfield></datafield><datafield ind1=" " ind2=" " tag="852"><subfield code="a">37870</subfield><subfield code="c">539.14</subfield></datafield><datafield ind1=" " ind2=" " tag="CAT"><subfield code="a">Sys</subfield><subfield code="c">20120328</subfield><subfield code="h">154723</subfield></datafield></record></collection>